<record><leader>00000cas a22000007a 4500</leader><controlfield tag="001">1765498</controlfield><controlfield tag="008">751101d18821977mnuwr ne      0    0eng d</controlfield><datafield ind1=" " ind2=" " tag="010"><subfield code="a">sn 91059311 </subfield></datafield><datafield ind1=" " ind2=" " tag="040"><subfield code="a">MUL</subfield><subfield code="b">eng</subfield><subfield code="c">MUL</subfield><subfield code="d">MN#</subfield><subfield code="d">OCLCQ</subfield><subfield code="d">OCLCF</subfield><subfield code="d">OCLCO</subfield></datafield><datafield ind1=" " ind2=" " tag="042"><subfield code="a">msc</subfield></datafield><datafield ind1=" " ind2=" " tag="043"><subfield code="a">n-us-mn</subfield></datafield><datafield ind1=" " ind2=" " tag="052"><subfield code="a">4144</subfield><subfield code="b">E5</subfield></datafield><datafield ind1=" " ind2=" " tag="052"><subfield code="a">4143</subfield><subfield code="b">S4</subfield></datafield><datafield ind1="0" ind2="0" tag="245"><subfield code="a">Sherburne County star news.</subfield></datafield><datafield ind1=" " ind2=" " tag="260"><subfield code="a">Elk River, Sherburne County, Minn. :</subfield><subfield code="b">A.N. Dare,</subfield><subfield code="c">-1977.</subfield></datafield><datafield ind1=" " ind2=" " tag="300"><subfield code="a">v.</subfield></datafield><datafield ind1=" " ind2=" " tag="310"><subfield code="a">Weekly</subfield></datafield><datafield ind1="1" ind2=" " tag="362"><subfield code="a">Began in Aug. 1882.</subfield></datafield><datafield ind1="0" ind2=" " tag="362"><subfield code="a">-v. 102, no. 52 (Dec. 29, 1977).</subfield></datafield><datafield ind1=" " ind2=" " tag="530"><subfield code="a">Available on microfilm from the Minnesota Historical Society.</subfield></datafield><datafield ind1=" " ind2=" " tag="588"><subfield code="a">Description based on: Vol. 10, no. 14 (Mar. 5, 1885).</subfield></datafield><datafield ind1=" " ind2="0" tag="651"><subfield code="a">Sherburne County (Minn.)</subfield><subfield code="v">Newspapers.</subfield></datafield><datafield ind1=" " ind2="7" tag="655"><subfield code="a">Newspapers.</subfield><subfield code="2">fast</subfield><subfield code="0">(OCoLC)fst01423814</subfield></datafield><datafield ind1=" " ind2="7" tag="651"><subfield code="a">Minnesota</subfield><subfield code="z">Sherburne County.</subfield><subfield code="2">fast</subfield><subfield code="0">(OCoLC)fst01214840</subfield></datafield><datafield ind1=" " ind2=" " tag="752"><subfield code="a">United States</subfield><subfield code="b">Minnesota</subfield><subfield code="c">Sherburne</subfield><subfield code="d">Elk River.</subfield></datafield><datafield ind1="0" ind2="4" tag="780"><subfield code="t">Sherburne County star</subfield><subfield code="w">(DLC)sn 85025473</subfield></datafield><datafield ind1="0" ind2="4" tag="780"><subfield code="t">Elk River weekly news</subfield><subfield code="w">(DLC)sn 85025472</subfield></datafield><datafield ind1="0" ind2="5" tag="780"><subfield code="t">Big Lake herald (Big Lake, Minn. : 1898)</subfield><subfield code="w">(DLC)sn 91059301</subfield></datafield><datafield ind1="0" ind2="0" tag="785"><subfield code="t">Star news (Elk River, Minn.)</subfield><subfield code="w">(DLC)sn 91059330</subfield></datafield></record>